<?xml version="1.0" encoding="UTF-8"?><collection xmlns="http://www.loc.gov/MARC21/slim"><record><leader>00651nam--2200217-u-4500</leader><controlfield tag="001">000050713</controlfield><controlfield tag="002">20161230</controlfield><controlfield tag="005">20161230201048</controlfield><controlfield tag="008">080324s1000------------r-----000-0-eng-d</controlfield><datafield ind1=" " ind2=" " tag="020"><subfield code="a">3540284052</subfield></datafield><datafield ind1=" " ind2=" " tag="040"><subfield code="a">IFIN-HH</subfield></datafield><datafield ind1=" " ind2=" " tag="080"><subfield code="a">538.9(53.06:001.2)</subfield></datafield><datafield ind1="1" ind2=" " tag="100"><subfield code="a">Kaupp,G</subfield></datafield><datafield ind1="1" ind2="0" tag="245"><subfield code="a">Atomic Force Microscopy Scanning Nearfield Optical Microscopy and Nanoscratching</subfield><subfield code="b">Application to Rough and Natural Surfaces</subfield><subfield code="c">G. Kaupp</subfield></datafield><datafield ind1=" " ind2=" " tag="260"><subfield code="a">Berlin</subfield><subfield code="b">Springer-Verlag</subfield><subfield code="c">2006</subfield></datafield><datafield ind1=" " ind2=" " tag="300"><subfield code="a">292 p</subfield></datafield><datafield ind1=" " ind2=" " tag="490"><subfield code="a">NanoScience and Technology</subfield></datafield><datafield ind1=" " ind2=" " tag="504"><subfield code="a">Includes Index</subfield></datafield><datafield ind1=" " ind2="4" tag="650"><subfield code="a">Atomic Force Microscopy</subfield></datafield><datafield ind1=" " ind2=" " tag="852"><subfield code="c">538.9</subfield></datafield><datafield ind1=" " ind2=" " tag="CAT"><subfield code="a">Sys</subfield><subfield code="c">20110105</subfield><subfield code="h">091303</subfield></datafield></record></collection>